@INPROCEEDINGS{7961985,
  author={Camenisch, Jan and Lehmann, Anja},
  booktitle={2017 IEEE European Symposium on Security and Privacy (EuroS\&P)},
  title={Privacy-Preserving User-Auditable Pseudonym Systems},
  year={2017},
  volume={},
  number={},
  pages={269-284},
  doi={10.1109/EuroSP.2017.36}
}

@INPROCEEDINGS{9230400,
  author={Baum, Carsten and Frederiksen, Tore and Hesse, Julia and Lehmann, Anja and Yanai, Avishay},
  booktitle={2020 IEEE European Symposium on Security and Privacy (EuroS\&P)},
  title={PESTO: Proactively Secure Distributed Single Sign-On, or How to Trust a Hacked Server},
  year={2020},
  volume={},
  number={},
  pages={587-606},
  doi={10.1109/EuroSP48549.2020.00044}
}
@misc{cryptoeprint:2021/864,
      author = {Nirvan Tyagi and Sofia Celi and Thomas Ristenpart and Nick Sullivan and Stefano Tessaro and Christopher A.  Wood},
      title = {A Fast and Simple Partially Oblivious PRF with Applications},
      howpublished = {Cryptology ePrint Archive, Paper 2021/864},
      year = {2021},
      note = {\url{https://eprint.iacr.org/2021/864}},
      url = {https://eprint.iacr.org/2021/864}
}
